@article{Diamond_2013,
	doi = {10.1175/bams-d-12-00170.1},
	url = {https://doi.org/10.1175%2Fbams-d-12-00170.1},
	year = 2013,
	month = {apr},
	publisher = {American Meteorological Society},
	volume = {94},
	number = {4},
	pages = {485--498},
	author = {Howard J. Diamond and Thomas R. Karl and Michael A. Palecki and C. Bruce Baker and Jesse E. Bell and Ronald D. Leeper and David R. Easterling and Jay H. Lawrimore and Tilden P. Meyers and Michael R. Helfert and Grant Goodge and Peter W. Thorne},
	title = {U.{S.} Climate Reference Network after One Decade of Operations: Status and Assessment},
	journal = {Bulletin of the American Meteorological Society}
}

@article{Habeeb_2015,
	doi = {10.1007/s11069-014-1563-z},
	url = {https://doi.org/10.1007%2Fs11069-014-1563-z},
	year = 2015,
	month = {jan},
	publisher = {Springer Science and Business Media {LLC}},
	volume = {76},
	number = {3},
	pages = {1651--1665},
	author = {Dana Habeeb and Jason Vargo and Brian Stone},
	title = {Rising heat wave trends in large {US} cities},
	journal = {Natural Hazards}
}