@misc{SEDA,
	author = {Sean Reardon, Demetra Kalogrides, Andrew Ho, Ben Shear, Erin Fahle, Heewon Jang, Belen Chavez},
	title = {Stanford Education Data Archive (Version 4.1)},
	year = {2021},
	url = {http://purl.stanford.edu/db586ns4974}
}